@book{bertsekas2008introduction,
  title={Introduction to Probability},
  author={Bertsekas, D. and Tsitsiklis, J.N.},
  isbn={9781886529236},
  series={Athena Scientific optimization and computation series},
  url={https://books.google.com/books?id=-oNZEAAAQBAJ},
  year={2008},
  publisher={Athena Scientific}
}
@book{strang2016introduction,
  title={Introduction to Linear Algebra},
  author={Strang, G.},
  isbn={9780980232776},
  url={https://books.google.com/books?id=efbxjwEACAAJ},
  year={2016},
  publisher={Wellesley}
}
@book{strang1991calculus,
  title={Calculus},
  author={Strang, G.},
  number={v. 1},
  isbn={9780961408824},
  lccn={lc90049977},
  series={Open Textbook Library},
  url={https://books.google.com/books?id=OisInC1zvEMC},
  year={1991},
  publisher={Wellesley-Cambridge Press}
}



